@book{HTT,
  title={Higher topos theory},
  author={Lurie, Jacob},
  year={2009},
  publisher={Princeton University Press}
}

@misc{HA,
  title={Higher algebra},
  author={Lurie, Jacob},
  year={2012}
}

@misc{kerodon,
  author       = {Jacob Lurie},
  title        = {Kerodon},
  howpublished = {\url{https://kerodon.net}},
}

@article{lurie2009infinity,
  title={($\infty$, 2)-Categories and the {Goodwillie} Calculus {I}},
  author={Lurie, Jacob},
  journal={arXiv preprint arXiv:0905.0462},
  year={2009}
}
